@article{fama1997,
  title={Industry costs of equity},
  author={Fama, Eugene F and French, Kenneth R},
  journal={Journal of financial economics},
  volume={43},
  number={2},
  pages={153--193},
  year={1997},
  publisher={Elsevier}
}


@article{grinold2000,
  title={Active portfolio management},
  author={Grinold, Richard C and Kahn, Ronald N},
  year={2000},
  publisher={McGraw Hill New York, NY}
}


@article{sanger1989,
  title={Optimal unsupervised learning in a single-layer linear feedforward neural network},
  author={Sanger, Terence D},
  journal={Neural networks},
  volume={2},
  number={6},
  pages={459--473},
  year={1989},
  publisher={Elsevier}
}

@article{bebis1994,
  title={Feed-forward neural networks},
  author={Bebis, George and Georgiopoulos, Michael},
  journal={IEEE Potentials},
  volume={13},
  number={4},
  pages={27--31},
  year={1994},
  publisher={IEEE}
}

@inproceedings{glorot2010,
  title={Understanding the difficulty of training deep feedforward neural networks},
  author={Glorot, Xavier and Bengio, Yoshua},
  booktitle={Proceedings of the thirteenth international conference on artificial intelligence and statistics},
  pages={249--256},
  year={2010},
  organization={JMLR Workshop and Conference Proceedings}
}

@article{taylor2018,
  title={Forecasting at scale},
  author={Taylor, Sean J and Letham, Benjamin},
  journal={The American Statistician},
  volume={72},
  number={1},
  pages={37--45},
  year={2018},
  publisher={Taylor \& Francis}
}

@inproceedings{taunk2019,
  title={A brief review of nearest neighbor algorithm for learning and classification},
  author={Taunk, Kashvi and De, Sanjukta and Verma, Srishti and Swetapadma, Aleena},
  booktitle={2019 International Conference on Intelligent Computing and Control Systems (ICCS)},
  pages={1255--1260},
  year={2019},
  organization={IEEE}
}

@article{wang2014,
  title={Generalized single-hidden layer feedforward networks for regression problems},
  author={Wang, Ning and Er, Meng Joo and Han, Min},
  journal={IEEE transactions on neural networks and learning systems},
  volume={26},
  number={6},
  pages={1161--1176},
  year={2014},
  publisher={IEEE}
}

@article{keller1985,
  title={A fuzzy k-nearest neighbor algorithm},
  author={Keller, James M and Gray, Michael R and Givens, James A},
  journal={IEEE transactions on systems, man, and cybernetics},
  number={4},
  pages={580--585},
  year={1985},
  publisher={IEEE}
}

  @Manual{Texevier,
    title = {{Texevier}: {P}ackage to create Elsevier templates for Rmarkdown},
    author = {N.F. Katzke},
    organization = {Bureau for Economic Research},
    address = {Stellenbosch, South Africa},
    note = {version 0.1.2},
    year = {2017},
  }
